@book{dawson15,
    author = {Dawson, Christian W.},
    title = {Projects in Computing and Information Systems: A Student's Guide},
    publisher = {Pearson Education Limited},
    year = {2015},
    edition = {3rd},
    address = {Harlow},
    isbn = {9781292073460}
},

@book{turner93,
    author = {Turner, J.R.},
    title = {The handbook of project-based management},
    publisher = {McGraw-Hill},
    year = {1993},
    address = {London}
},

@book{anderson2010kanban,
    title={Kanban: Successful Evolutionary Change for Your Technology Business},
    author={Anderson, D.J.},
    isbn={9780984521401},
    url={https://books.google.co.uk/books?id=RJ0VUkfUWZkC},
    year={2010},
    publisher={Blue Hole Press}
},

@online{kanbanforasmallteam,
    title = {Kanban for a small team ?},
	url = {http://www.onesandthrees.com/2009/05/kanban-for-a-small-team/},
	date = {2009-05-12},
	urldate = {2016-02-11}
},

@online{whenkanbanworksbest,
	title = {When Kanban Works Best},
	url = {http://brodzinski.com/2010/06/kanban-best-choice.html},
	author = {Brodzinski, Pawel},
	date = {2010-06-07},
	urldate = {2016-02-11}
},

@article{atzei_survey,
	title = {A survey of attacks on Ethereum smart contracts},
	url = {http://eprint.iacr.org/2016/1007.pdf},
	author = {Atzei, Nicola and Bartoletti, Massimo and Cimoli, Tiziana},
	urldate = {2016-11-02},
},

@report{ukdlt,
	title = {Distributed Ledger Technology: beyond block chain},
	url = {https://www.gov.uk/government/uploads/system/uploads/attachment_data/file/492972/gs-16-1-distributed-ledger-technology.pdf},
	institution = {Government Office for Science},
	type = {Research and analysis},
	author = {{UK Government Chief Scientific Adviser}},
	urldate = {2016-02-11},
	date = {2016-01-19},
},

@online{ukdlt2,
	title = {Government urged to use Bitcoin-style digital ledgers},
	url = {http://www.bbc.co.uk/news/technology-35344843},
	author = {Baraniuk, Chris},
	date = {2016-01-19},
	urldate = {2016-08-11}
},

@report{nomura_research_institute_survey_2016,
	title = {Survey on Blockchain Technologies and Related Services},
	url = {http://www.meti.go.jp/english/press/2016/pdf/0531_01f.pdf},
	author = {{Nomura Research Institute}},
	urldate = {2016-02-11},
	date = {2016-03},
},

@online{blockchaininfosize,
    title = {Blockchain Size - Blockchain},
	url = {https://blockchain.info/charts/blocks-size},
	urldate = {2016-08-11}
},

@online{operatingsystemstats,
    title = {Operating system market share},
    author = {{Net Applications}},
    url = {https://www.netmarketshare.com/operating-system-market-share.aspx?qprid=10&qpcustomd=0},
    urldate = {2016-08-11}
},

@online{cioblockchain,
	title = {CIO Explainer: What Is Blockchain?},
	url = {http://blogs.wsj.com/cio/2016/02/02/cio-explainer-what-is-blockchain/},
	author = {Norton, Steven},
	date = {2016-02-02},
	urldate = {2016-08-11}
},

@online{dubaichain,
	title = {Dubai to use blockchain technology for all government documents by 2020},
	url = {http://gulfbusiness.com/dubai-use-bitcoin-database-technology-government-documents-2020/},
	author = {Anderson, Robert},
	date = {2016-09-05},
	urldate = {2016-08-11}
},

@online{dubaichain2,
	title = {Dubai Wants All Government Documents on Blockchain By 2020},
	url = {http://www.coindesk.com/dubai-government-documents-blockchain-strategy-2020/},
	author = {{del Castillo}, Michael},
	date = {2016-09-05},
	urldate = {2016-08-11}
},

@online{auzchain,
	title = {Australia Post details plan to use blockchain for voting},
	url = {http://www.zdnet.com/article/australia-post-details-plan-to-use-blockchain-for-voting/},
	author = {Duckett, Chris},
	date = {2016-08-22},
	urldate = {2016-08-11}
},


@online{atosrules,
	title = {Rules - Atos {\textbar} {IT} Challenge 2017},
	url = {https://www.atositchallenge.net/rules/},
	author = {Atos},
	urldate = {2016-08-11}
},

@online{agilemanifesto,
	title = {Principles behind the Agile Manifesto},
	url = {http://agilemanifesto.org/principles.html},
	urldate = {2016-08-11}
},

@online{eyblockchain,
	title = {Blockchain technology branches out from finance sector with EY deal},
	url = {http://www.cnbc.com/2016/11/07/blockchain-technology-branches-out-from-finance-sector-with-ey-deal.html},
	author = {Graham, Luke},
	date = {2016-11-07},
	urldate = {2016-08-11}
},

@online{verizonblockchain,
	title = {Verizon to Use Blockchain for Digital Rights Management},
	url = {https://btcmanager.com/news/business/verizons-digital-rights-management-blockchain-platform/},
	author = {Young, Joseph},
	date = {2016-08-27},
	urldate = {2016-08-11}
},

@online{rweblockchain,
	title = {RWE and Slock.it – Electric cars using Ethereum wallets can recharge by induction at traffic lights},
	url = {http://www.ibtimes.co.uk/rwe-slock-it-electric-cars-using-ethereum-wallets-can-recharge-by-induction-traffic-lights-1545220},
	author = {Allison, Ian},
	date = {2016-02-22},
	urldate = {2016-08-11}
},

@online{caspaspecnotes,
	title = {Casper 0.1 specification notes},
	url = {https://docs.google.com/document/d/1Xf_iHGI51Lp6nVHPZo0SdUw60-NA6YJUvk2s-eYaxLE/edit},
	urldate = {2016-09-11}
},

@online{friendlyghost,
    title= {Introducing Casper "The Friendly Ghost"},
    url = {https://blog.ethereum.org/2015/08/01/introducing-casper-friendly-ghost/},
    author = {Zamfir, Vald},
    date = {2016-08-01},
    urldate = {2016-09-11}
},

@online{economic46:online,
    author = {Murch},
    title = {economics - Will Bitcoin suffer from a mining Tragedy of the Commons when mining fees drop to zero? - Bitcoin Stack Exchange},
    url = {http://bitcoin.stackexchange.com/questions/3111/will-bitcoin-suffer-from-a-mining-tragedy-of-the-commons-when-mining-fees-drop-t},
    date = {2012-03-08},
    urldate = {2016-09-11}
},

@online{Iftxlimi23:online,
    author = {Vandroiy},
    title = {[If tx limit is removed] Disturbingly low future difficulty equilibrium},
    url = {https://bitcointalk.org/index.php?topic=6284.0},
    date = {2011-04-22},
    urldate = {2016-09-11}
},

@online{Bitcoinw83:online,
    author = {Stogdill, Jim},
    title = {Bitcoin: what happens when the miners pack up their gear? - O'Reilly Radar},
    url = {http://radar.oreilly.com/2014/04/bitcoin-what-happens-when-the-miners-pack-up-their-gear.html},
    date = {2014-04-30},
    urldate = {2016-09-11}
},

@online{nakamoto2008bitcoin,
    title={Bitcoin: A peer-to-peer electronic cash system},
    url = {https://bitcoin.org/bitcoin.pdf},
    author={Nakamoto, Satoshi},
    date = {2008-10-31},
    urldate = {2016-09-11}
},

@article{garrett_hardin_tragedy_1968,
	title = {The Tragedy of the Commons},
	url = {http://science.sciencemag.org/content/162/3859/1243.full},
	abstract = {162},
	pages = {1243--1248},
	number = {3859},
	author = {Hardin, Garrett},
	urldate = {2016-09-11},
	date = {1968-12-13}
},

@article{rose1986comedy,
  title={The Comedy of the Commons: Commerce, Custom and Inherently Public Property},
  author={Rose, Carol},
  journal={Chi. L. Rev},
  volume={711},
  year={1986}
},

@online{ProofofS99:online,
    title = {Proof of Stake - Bitcoin Wiki},
    url = {https://en.bitcoin.it/wiki/Proof_of_Stake},
	urldate = {2015-10-10},
	date = {1968-12-13}
},

@online{MultiCha46:online,
    author = {Greenspan, Gideon},
    title = {MultiChain White Paper | MultiChain},
    url = {http://www.multichain.com/white-paper/},
	year = {2015},
	urldate = {2016-09-11}
},

@online{WhitePap68:online,
    title = {White Paper · ethereum/wiki Wiki},
    url = {https://github.com/ethereum/wiki/wiki/White-Paper},
	year = {2015},
	urldate = {2016-09-11}
},

@online{WhitepapNxt:online,
    title = {Whitepaper:Nxt - Nxt Wiki},
    url = {http://wiki.nxtcrypto.org/wiki/Whitepaper:Nxt},
	urldate = {2016-09-11}
},

@online{WhitepapPPCoin:online,
    author = {King, Sunny and Nadal, Scott},
    title = {PPCoin: Peer-to-Peer Crypto-Currency with Proof-of-Stake},
    url = {https://www.peercoin.net/assets/paper/peercoin-paper.pdf},
    date = {2012-08-19},
    urldate = {2016-09-11}
},

@online{WhitepapBitshares:online,
    author = {Schuh, Fabian and Larimer, Daniel},
    title = {BITSHARES 2.0: FINANCIAL SMART CONTRACT PLATFORM},
    url = {http://docs.bitshares.eu/_downloads/bitshares-financial-platform.pdf},
    date = {2015-11-12},
    urldate = {2016-09-11}
},

@online{blakemorganblockchain,
    author = {Russell, Luke},
    title = {Blockchains: An introduction to blockchain technology},
    url = {https://www.blakemorgan.co.uk/training-knowledge/features-and-articles/blockchains-introduction/},
    date = {2015-08-10},
    urldate = {2016-09-11}
},

@online{estoniachain,
    author = {{BITNATION}},
    title = {Estonia E-residency Program \& Bitnation Dao Public Notary Partnership},
    url = {https://bitnation.co/blog/pressrelease-estonia-bitnation-public-notary-partnership/},
    date = {2015-27-11},
    urldate = {2016-09-11}
},

@online{estoniaeresidency,
    author = {Alender, Avo},
    title = {What is Estonian e-Residency and how to take advantage of it?},
    url = {https://www.leapin.eu/articles/e-residency},
    date = {2016-17-03},
    urldate = {2016-09-11}
},

@online{TezosAse64:online,
    author = {Tezos},
    title = {Tezos: A self-amending cryptographic ledger},
    url = {https://www.tezos.com/},
    date = {2016},
    urldate = {2016-09-11}
},

@online{bchainpres:online,
    author = {{University of Virginia}},
    title = {Blockchain Voting},
    url = {http://bitcoin-class.org/presentations/Blockchain_Voting.pdf},
    year = {2015},
    urldate = {2016-09-11}
},

@online{Delaware81:online,
    author = {Campbell, Rebecca},
    title = {Delaware Judge Urges Investors to Protect Votes on the Blockchain - CryptoCoinsNews},
    url = {https://www.cryptocoinsnews.com/delaware-judge-urges-investors-protect-votes-blockchain/},
    date = {2016-08-11},
    urldate = {2016-09-11}
},

@online{CoinDesk74:online,
    author = {Higgins, Stan},
    title = {CoinDesk EU Parliament Paper Explores Bitcoin-Powered Elections - CoinDesk},
    url = {http://www.coindesk.com/eu-parliament-paper-explores-bitcoin-powered-elections/},
    date = {2016-03-10},
    urldate = {2016-09-11}
},

@online{CoinDesk42:online,
    author = {{del Castillo}, Michael},
    title = {CoinDesk Why Broadridge is Investing Millions in Blockchain Voting - CoinDesk},
    url = {http://www.coindesk.com/broadridge-investing-blockchain-voting/},
    date = {2016-03-10},
    urldate = {2016-09-11}
},

@online{SettleMi18:online,
    author = {Van Niekerk, Matthew},
    title = {SettleMint launches blockchain voting application!},
    url = {https://updates.settlemint.io/settlemint-launches-blockchain-voting-application-4ab273fdbe4c#.9lywm6uuq},
    date = {2016-03-11},
    urldate = {2016-09-11}
},

@online{CoinDesk73:online,
    author = {Higgins, Stan},
    title = {CoinDesk Overstock Invests in Blockchain Voting Startup SettleMint - CoinDesk},
    url = {http://www.coindesk.com/overstock-invests-blockchain-voting-startup/},
    date = {2016-07-11},
    urldate = {2016-09-11}
},

@misc{USPresid50:online,
    author = {SettleMint},
    title = {US Presidential Elections 2016 - SettleMint},
    url = {https://us2016.settlemint.io/},
    date = {2016-03-11},
    urldate = {2016-09-11}
},

@book{layton2012agile,
  title={Agile project management for dummies},
  author={Layton, Mark C},
  year={2012},
  publisher={John Wiley \& Sons},
  isbn = {9781118026243}
},

@online{Austrian41:online,
    author = {Connolly, Kate},
    title = {Austrian presidential election postponed due to faulty glue | World news | The Guardian},
    url = {https://www.theguardian.com/world/2016/sep/12/austria-presidential-election-rerun-to-be-postponed-faulty-glue-ballot-papers},
    date = {2016-12-09},
    urldate = {2016-09-11}
},

@online{Thousand11:online,
    author = {Oltermann, Philip},
    title = {Thousands of EU referendum postal votes feared lost in Germany | Politics | The Guardian},
    url = {https://www.theguardian.com/politics/2016/jun/07/thousands-eu-referendum-postal-votes-feared-lost-germany},
    date = {2016-07-06},
    urldate = {2016-09-11}
},

@online{eurefcost,
    author = {{Cabinet Office} and Penrose MP, John},
    title = {EU Referendum: Counting Officers' Regulations},
    url = {https://www.gov.uk/government/speeches/eu-referendum-counting-officers-regulations},
    date = {2016-03-23},
    urldate = {2016-10-11}
},

@online{Tradeuni41:online,
    author = {NIDirect},
    title = {Trade union elections | nidirect},
    url = {https://www.nidirect.gov.uk/articles/trade-union-elections#toc-3},
    urldate = {2016-10-11}
},

@online{uktradeuni:online,
    author = {{Department for Business, Innovation and Skills}},
    title = {Trade Union Executive Elections},
    url = {https://www.gov.uk/government/uploads/system/uploads/attachment_data/file/245590/10-816-trade-union-executive-elections-guide.pdf},
    year = {2010},
    urldate = {2016-10-11}
},

@online{Employer56:online,
    author = {{Government Digital Service}},
    title = {Employers: recognise a trade union - GOV.UK},
    url = {https://www.gov.uk/trade-union-recognition-employers/ballot-union-recognition},
    date = {2016-23-09},
    urldate = {2016-10-11}
},

@online{chartistssecretbalot:online,
    author = {Crail, Mark},
    title = {The six points of the People's Charter - Chartist Ancestors},
    uri = {http://www.chartists.net/bits-and-pieces/six-points-of-the-peoples-charter/},
    date = {2015-10-12},
    urldate = {2016-10-11}
},

@article{trapdoor,
	title = {New Directions in Cryptography},
	url = {http://www-ee.stanford.edu/~hellman/publications/24.pdf},
	journal = {IEE Transactions On Information Theory},
	volume = {IT-22},
	number = {6},
	type = {Research and analysis},
	author = {Diffie, Whitfield and Hellman, Martin E.},
	urldate = {2016-10-11},
	date = {1976-11-01}
},

@report{rsa,
	title = {A Method for Obtaining Digital Signatures and Public-Key Cryptosystems},
	url = {http://people.csail.mit.edu/rivest/Rsapaper.pdf},
	type = {Research and analysis},
	author = {Rivest, R.L. and Shamir, A. and Adleman, L.},
	urldate = {2016-10-11},
	date = {1978-02-01}
},

@report{dsa,
	title = {Digital Signature Standard (DSS)},
	url = {http://csrc.nist.gov/publications/fips/archive/fips186-2/fips186-2.pdf},
	type = {Research and analysis},
	author = {Daley, William M. and Kammer, Raymond G.},
	urldate = {2016-10-11},
	date = {2000-01-27}
},

@article{ecc,
	title = {Elliptic Curve Cryptosystems},
	url = {http://www.ams.org/journals/mcom/1987-48-177/S0025-5718-1987-0866109-5/S0025-5718-1987-0866109-5.pdf},
	journal = {Mathematics of Computation},
	volume = {48},
	number = {177},
	type = {Research and analysis},
	author = {Koblitz, Neal},
	urldate = {2016-10-11},
	date = {1987-01-01}
},

@article{blindsignatures,
    title = {Blind Signatures For Untraceable Payments},
    url = {http://sceweb.sce.uhcl.edu/yang/teaching/csci5234WebSecurityFall2011/Chaum-blind-signatures.PDF},
    institution = {University of California},
    type = {Research and analysis},
    author = {Chaum, David},
    urldate = {2016-10-11},
    date = {1998}
},

@article{blindsignaturersa,
    title = {Cryptography: Authentication, Blind Signatures, and Digital Cash},
    url = {http://cseweb.ucsd.edu/~mihir/papers/gb.pdf},
    author = {Goldwasser, Shafi and Bellare, Mihir},
    urldate = {2016-10-11},
    date = {2008-07-01}
},

@online{Blockcha72:online,
    author = {{Follow My Vote Inc}},
    title = {Blockchain Technology in Online Voting - Follow My Vote},
    url = {https://followmyvote.com/online-voting-technology/blockchain-technology/},
    date = {2014},
	urldate = {2016-10-11}
}